@article{孙鲁平2016网上个性化推荐研究述评与展望,
  title={网上个性化推荐研究述评与展望},
  author={孙鲁平 and 张丽君 and 汪平},
  journal={外国经济与管理},
  volume={38},
  number={6},
  pages={82--99},
  year={2016}
}

@article{杨雷1997信号检测理论与二分群体决策,
  title={信号检测理论与二分群体决策},
  author={杨雷 and 席酉民},
  journal={系统工程理论与实践},
  volume={17},
  number={12},
  pages={115--120},
  year={1997}
}

@article{fornell1981evaluating,
  title={Evaluating structural equation models with unobservable variables and measurement error},
  author={Fornell, Claes and Larcker, David F},
  journal={Journal of marketing research},
  volume={18},
  number={1},
  pages={39--50},
  year={1981},
  publisher={Sage Publications Sage CA: Los Angeles, CA}
}

@article{张亚慧2008网络消费者的信息搜索成本分析,
  title={网络消费者的信息搜索成本分析},
  author={张亚慧},
  journal={商場現代化},
  volume={10},
  number={558},
  pages={37--38},
  year={2008},
  publisher={北京《 商場現代化》 雜誌社}
}

